@misc{ross2011reduction,
      title={A Reduction of Imitation Learning and Structured Prediction to No-Regret Online Learning}, 
      author={Stephane Ross and Geoffrey J. Gordon and J. Andrew Bagnell},
      year={2011},
      eprint={1011.0686},
      archivePrefix={arXiv},
      primaryClass={cs.LG}
}

@misc{ross2014reinforcement,
      title={Reinforcement and Imitation Learning via Interactive No-Regret Learning}, 
      author={Stephane Ross and J. Andrew Bagnell},
      year={2014},
      eprint={1406.5979},
      archivePrefix={arXiv},
      primaryClass={cs.LG}
}