@book{littlestone1989weighted,
  title={The weighted majority algorithm},
  author={Littlestone, Nick and Warmuth, Manfred K and others}
}

@inproceedings{ng2000algorithms,
  title={Algorithms for inverse reinforcement learning.},
  author={Ng, Andrew Y and Russell, Stuart J and others},
  booktitle={Icml},
  volume={1},
  pages={2},
  year={2000}
}

@inproceedings{ziebart2008maximum,
  title={Maximum entropy inverse reinforcement learning.},
  author={Ziebart, Brian D and Maas, Andrew L and Bagnell, J Andrew and Dey, Anind K},
  booktitle={Aaai},
  volume={8},
  pages={1433--1438},
  year={2008},
  organization={Chicago, IL, USA}
}

@article{jaynes1957information,
  title={Information theory and statistical mechanics},
  author={Jaynes, Edwin T},
  journal={Physical review},
  volume={106},
  number={4},
  pages={620},
  year={1957},
  publisher={APS}
}

@book{sutton2018reinforcement,
  title={Reinforcement learning: An introduction},
  author={Sutton, Richard S and Barto, Andrew G},
  year={2020},
  publisher={MIT press}
}

@article{littman2015reinforcement,
  title={Reinforcement learning improves behaviour from evaluative feedback},
  author={Littman, Michael L},
  journal={Nature},
  volume={521},
  number={7553},
  pages={445--451},
  year={2015},
  publisher={Nature Publishing Group}
}

@techreport{novikoff1963convergence,
  title={On convergence proofs for perceptrons},
  author={Novikoff, Albert B},
  year={1963},
  institution={Stanford Research Inst Menlo Park CA}
}

@inproceedings{sutton1994step,
  title={On step-size and bias in temporal-difference learning},
  author={Sutton, Richard S and Singh, Satinder P},
  booktitle={Proceedings of the Eighth Yale Workshop on Adaptive and Learning Systems},
  pages={91--96},
  year={1994},
  organization={Citeseer}
}

@inproceedings{mnih2016asynchronous,
  title={Asynchronous methods for deep reinforcement learning},
  author={Mnih, Volodymyr and Badia, Adria Puigdomenech and Mirza, Mehdi and Graves, Alex and Lillicrap, Timothy and Harley, Tim and Silver, David and Kavukcuoglu, Koray},
  booktitle={International conference on machine learning},
  pages={1928--1937},
  year={2016},
  organization={PMLR}
}
@article{lillicrap2015continuous,
  title={Continuous control with deep reinforcement learning},
  author={Lillicrap, Timothy P and Hunt, Jonathan J and Pritzel, Alexander and Heess, Nicolas and Erez, Tom and Tassa, Yuval and Silver, David and Wierstra, Daan},
  journal={arXiv preprint arXiv:1509.02971},
  year={2015}
}

@inproceedings{fujimoto2018addressing,
  title={Addressing function approximation error in actor-critic methods},
  author={Fujimoto, Scott and Hoof, Herke and Meger, David},
  booktitle={International Conference on Machine Learning},
  pages={1587--1596},
  year={2018},
  organization={PMLR}
}

@article{mnih2013playing,
  title={Playing atari with deep reinforcement learning},
  author={Mnih, Volodymyr and Kavukcuoglu, Koray and Silver, David and Graves, Alex and Antonoglou, Ioannis and Wierstra, Daan and Riedmiller, Martin},
  journal={arXiv preprint arXiv:1312.5602},
  year={2013}
}

@inproceedings{haarnoja2018soft,
  title={Soft actor-critic: Off-policy maximum entropy deep reinforcement learning with a stochastic actor},
  author={Haarnoja, Tuomas and Zhou, Aurick and Abbeel, Pieter and Levine, Sergey},
  booktitle={International Conference on Machine Learning},
  pages={1861--1870},
  year={2018},
  organization={PMLR}
}

@inproceedings{hessel2018rainbow,
  title={Rainbow: Combining improvements in deep reinforcement learning},
  author={Hessel, Matteo and Modayil, Joseph and Van Hasselt, Hado and Schaul, Tom and Ostrovski, Georg and Dabney, Will and Horgan, Dan and Piot, Bilal and Azar, Mohammad and Silver, David},
  booktitle={Proceedings of the AAAI Conference on Artificial Intelligence},
  volume={32},
  number={1},
  year={2018}
}

@article{goodfellow2014gan,
  author    = {Ian J. Goodfellow and
               Jean Pouget{-}Abadie and
               Mehdi Mirza and
               Bing Xu and
               David Warde{-}Farley and
               Sherjil Ozair and
               Aaron C. Courville and
               Yoshua Bengio},
  title     = {Generative adversarial networks},
  journal   = {Commun. {ACM}},
  volume    = {63},
  number    = {11},
  pages     = {139--144},
  year      = {2020},
  url       = {https://doi.org/10.1145/3422622},
  doi       = {10.1145/3422622},
  timestamp = {Wed, 11 Nov 2020 11:39:04 +0100},
  biburl    = {https://dblp.org/rec/journals/cacm/GoodfellowPMXWO20.bib},
  bibsource = {dblp computer science bibliography, https://dblp.org}
}

@article{ho2016gail,
  author    = {Jonathan Ho and
               Stefano Ermon},
  title     = {Generative Adversarial Imitation Learning},
  journal   = {CoRR},
  volume    = {abs/1606.03476},
  year      = {2016},
  url       = {http://arxiv.org/abs/1606.03476},
  archivePrefix = {arXiv},
  eprint    = {1606.03476},
  timestamp = {Mon, 13 Aug 2018 16:47:10 +0200},
  biburl    = {https://dblp.org/rec/journals/corr/HoE16.bib},
  bibsource = {dblp computer science bibliography, https://dblp.org}
}

@inproceedings{diederik2014adam,
  author    = {Diederik P. Kingma and
               Jimmy Ba},
  editor    = {Yoshua Bengio and
               Yann LeCun},
  title     = {Adam: {A} Method for Stochastic Optimization},
  booktitle = {3rd International Conference on Learning Representations, {ICLR} 2015,
               San Diego, CA, USA, May 7-9, 2015, Conference Track Proceedings},
  year      = {2015},
  url       = {http://arxiv.org/abs/1412.6980},
  timestamp = {Thu, 25 Jul 2019 14:25:37 +0200},
  biburl    = {https://dblp.org/rec/journals/corr/KingmaB14.bib},
  bibsource = {dblp computer science bibliography, https://dblp.org}
}

@article{schulman2015trpo,
  author    = {John Schulman and
               Sergey Levine and
               Philipp Moritz and
               Michael I. Jordan and
               Pieter Abbeel},
  title     = {Trust Region Policy Optimization},
  journal   = {CoRR},
  volume    = {abs/1502.05477},
  year      = {2015},
  url       = {http://arxiv.org/abs/1502.05477},
  archivePrefix = {arXiv},
  eprint    = {1502.05477},
  timestamp = {Mon, 13 Aug 2018 16:48:08 +0200},
  biburl    = {https://dblp.org/rec/journals/corr/SchulmanLMJA15.bib},
  bibsource = {dblp computer science bibliography, https://dblp.org}
}

@inproceedings{MGIRL,
  author    = {Umar Syed and
               Robert E. Schapire},
  editor    = {John C. Platt and
               Daphne Koller and
               Yoram Singer and
               Sam T. Roweis},
  title     = {A Game-Theoretic Approach to Apprenticeship Learning},
  booktitle = {Advances in Neural Information Processing Systems 20, Proceedings
               of the Twenty-First Annual Conference on Neural Information Processing
               Systems, Vancouver, British Columbia, Canada, December 3-6, 2007},
  pages     = {1449--1456},
  publisher = {Curran Associates, Inc.},
  year      = {2007},
  url       = {https://proceedings.neurips.cc/paper/2007/hash/ca3ec598002d2e7662e2ef4bdd58278b-Abstract.html},
  timestamp = {Thu, 21 Jan 2021 15:15:25 +0100},
  biburl    = {https://dblp.org/rec/conf/nips/SyedS07.bib},
  bibsource = {dblp computer science bibliography, https://dblp.org}
}

@inproceedings{MMIRL,
  author    = {Pieter Abbeel and
               Andrew Y. Ng},
  editor    = {Carla E. Brodley},
  title     = {Apprenticeship learning via inverse reinforcement learning},
  booktitle = {Machine Learning, Proceedings of the Twenty-first International Conference
               {(ICML} 2004), Banff, Alberta, Canada, July 4-8, 2004},
  series    = {{ACM} International Conference Proceeding Series},
  volume    = {69},
  publisher = {{ACM}},
  year      = {2004},
  url       = {https://doi.org/10.1145/1015330.1015430},
  doi       = {10.1145/1015330.1015430},
  timestamp = {Tue, 06 Nov 2018 16:58:29 +0100},
  biburl    = {https://dblp.org/rec/conf/icml/PieterN04.bib},
  bibsource = {dblp computer science bibliography, https://dblp.org}
}

@inproceedings{MMP,
  author    = {Nathan D. Ratliff and
               J. Andrew Bagnell and
               Martin Zinkevich},
  editor    = {William W. Cohen and
               Andrew W. Moore},
  title     = {Maximum margin planning},
  booktitle = {Machine Learning, Proceedings of the Twenty-Third International Conference
               {(ICML} 2006), Pittsburgh, Pennsylvania, USA, June 25-29, 2006},
  series    = {{ACM} International Conference Proceeding Series},
  volume    = {148},
  pages     = {729--736},
  publisher = {{ACM}},
  year      = {2006},
  url       = {https://doi.org/10.1145/1143844.1143936},
  doi       = {10.1145/1143844.1143936},
  timestamp = {Tue, 19 Nov 2019 09:25:06 +0100},
  biburl    = {https://dblp.org/rec/conf/icml/RatliffBZ06.bib},
  bibsource = {dblp computer science bibliography, https://dblp.org}
}